@online{jest,
  author = {{Facebook Inc.}},
  title = {Jest Painless JavaScript Testing},
  url = {https://facebook.github.io/jest/},
  year = 2017,
  urldate = {2017-04-30}
}