@online{nodeChildProcess,
  author = {{Node.js Foundation}},
  title = {Child Process | Node.js v7.9.0 Documentation},
  url = {https://nodejs.org/api/child_process.html},
  year = 2017,
  urldate = {2017-04-27}
}