@online{JsSetTimeout,
  author = {{Mozilla Developer Network and individual contributors}},
  title = {WindowOrWorkerGlobalScope.setTimeout()},
  url = {https://developer.mozilla.org/en-US/docs/Web/API/WindowOrWorkerGlobalScope/setTimeout},
  year = 2017,
  urldate = {2017-04-17}
}