@online{TronLightCycleBattle,
  author = {{Walt Disney Productions}},
  title = {Tron (1982) - "Light Cycle Battle"},
  url = {https://www.youtube.com/watch?v=7DgL_w5qwIw},
  year = 2014,
  urldate = {2017-01-26}
}

@online{Fltron,
  author = {Dan Hsu},
  title = {Fltron - Light-Cycle and Tron Games},
  url = {http://www.fltron.com/},
  year = 2017,
  urldate = {2017-04-09}
}

@online{Cycleblob,
  author = {Shy Shalom},
  title = {Cycleblob - A WebGL lightcycle game},
  url = {http://cycleblob.com/},
  year = 2017,
  urldate = {2017-04-09}
}

@online{Html5Flash,
  author = {{Wikipedia, the Free Encyclopedia}},
  title = {Comparison of HTML5 and Flash},
  url = {https://en.wikipedia.org/wiki/Comparison_of_HTML5_and_Flash},
  year = 2017,
  urldate = {2017-04-09}
}

@online{WebGl,
  author = {{Mozilla Developer Network}},
  title = {WebGL - Web APIs | MDN},
  url = {https://developer.mozilla.org/en-US/docs/Web/API/WebGL_API},
  year = 2017,
  urldate = {2017-04-09}
}

@online{SlitherIo,
  author = {{team@slither.io}},
  title = {slither.io},
  url = {http://slither.io/},
  year = 2017,
  urldate = {2017-04-09}
}

@online{GoogleTronAi,
  author = {{Google}},
  title = {Google AI Challenge},
  url = {https://csclub.uwaterloo.ca/contest/},
  year = 2010,
  urldate = {2017-04-17}
}

@online{TronPostMortem,
  author = {{a1k0n}},
  title = {Google AI Challenge post-mortem},
  url = {https://www.a1k0n.net/2010/03/04/google-ai-postmortem.html},
  year = 2010,
  urldate = {2017-04-17}
}