@online{TronLightCycleBattle,
  author = {{Walt Disney Productions}},
  title = {Tron (1982) - "Light Cycle Battle"},
  url = {https://www.youtube.com/watch?v=7DgL_w5qwIw},
  year = 2014,
  urldate = {2017-01-26}
}