@book{pragmaticProgrammer,
  added-at = {2010-03-23T20:57:18.000+0100},
  asin = {020161622X},
  author = {Hunt, Andrew and Thomas, David and Cunningham, Ward},
  biburl = {https://www.bibsonomy.org/bibtex/2a23fbe99cb4511ace090e030b30e70a3/franz},
  description = {The Pragmatic Programmer. From Journeyman to Master: Amazon.de: Andrew Hunt, David Thomas, Ward Cunningham: Englische Bücher},
  dewey = {005.1},
  ean = {9780201616224},
  interhash = {000ec09e4a4b5d08bce2cd9cbc2f9cef},
  intrahash = {a23fbe99cb4511ace090e030b30e70a3},
  isbn = {020161622X},
  keywords = {programming},
  publisher = {Addison-Wesley Longman, Amsterdam},
  timestamp = {2010-03-23T20:57:18.000+0100},
  title = {The Pragmatic Programmer. From Journeyman to Master},
  year = 1999
}

@misc{beck2001agile,
  added-at = {2007-12-30T11:39:05.000+0100},
  author = {Beck, Kent and Beedle, Mike and van Bennekum, Arie and Cockburn, Alistair and Cunningham, Ward and Fowler, Martin and Grenning, James and Highsmith, Jim and Hunt, Andrew and Jeffries, Ron and Kern, Jon and Marick, Brian and Martin, Robert C. and Mellor, Steve and Schwaber, Ken and Sutherland, Jeff and Thomas, Dave},
  biburl = {https://www.bibsonomy.org/bibtex/28954248a545d88dd2c0e688d1c7e2f9d/juve},
  booktitle = {Manifesto for Agile Software Development},
  description = {Manifesto for Agile Software Development},
  interhash = {098cc7e185f10c3da390459a01e0d535},
  intrahash = {8954248a545d88dd2c0e688d1c7e2f9d},
  keywords = {imported},
  timestamp = {2007-12-30T11:39:05.000+0100},
  title = {Manifesto for Agile Software Development},
  url = {http://www.agilemanifesto.org/},
  year = 2001
}

@online{gitWeb,
  author = {{Open source}},
  title = {Git - Fast Version Control System},
  url = {http://git-scm.com/},
  year = 2009,
  urldate = {2017-04-25}
}

@online{TronGitRepo,
  author = {Braden Marshall},
  title = {Braden1996/tron.io},
  url = {https://github.com/Braden1996/tron.io},
  year = 2017,
  urldate = {2017-04-12}
}

@online{ECMAScript2015,
  author = {{Ecma International}},
  title = {ECMAScript® 2015 Language Specification},
  url = {http://www.ecma-international.org/ecma-262/6.0/},
  year = 2017,
  urldate = {2017-04-12}
}

@online{Babel,
  author = {{Babel (Open Source)}},
  title = {Babel · The compiler for writing next generation JavaScript},
  url = {https://babeljs.io/},
  year = 2016,
  urldate = {2017-01-26}
}

@online{MVC,
  author = {{Wikipedia, the Free Encyclopedia}},
  title = {Model–view–controller},
  url = {https://en.wikipedia.org/wiki/Model–view–controller},
  year = 2017,
  urldate = {2017-04-27}
}

@online{React,
  author = {{Facebook Inc.}},
  title = {A JavaScript library for building user interfaces - React},
  url = {https://facebook.github.io/react/},
  year = 2017,
  urldate = {2017-04-12}
}

@online{Redux,
  author = {{reactjs}},
  title = {Predictable state container for JavaScript apps},
  url = {https://github.com/reactjs/redux},
  year = 2017,
  urldate = {2017-04-12}
}

@online{NodeJs,
  author = {{Node.js Foundation}},
  title = {Node.js},
  url = {https://nodejs.org/en/},
  year = 2017,
  urldate = {2017-04-12}
}

@online{ReactUniversally,
  author = {{ctrlplusb}},
  title = {React Universally},
  url = {https://github.com/ctrlplusb/react-universally},
  year = 2017,
  urldate = {2017-04-12}
}

@online{JsNumbers,
  author = {{Refsnes Data}},
  title = {JavaScript Numbers},
  url = {https://www.w3schools.com/js/js_numbers.asp},
  year = 2017,
  urldate = {2017-04-15}
}

@online{LagCompensation,
  author = {{Valve}},
  title = {Lag compensation},
  url = {https://developer.valvesoftware.com/wiki/Lag_compensation},
  year = 2011,
  urldate = {2017-04-16}
}

@online{LagPrediction,
  author = {{Valve}},
  title = {Prediction},
  url = {https://developer.valvesoftware.com/wiki/Prediction},
  year = 2011,
  urldate = {2017-04-16}
}

@online{LatencyCompensating,
  author = {Yahn W. Bernier},
  title = {Latency Compensating Methods in Client/Server In-game Protocol Design and Optimization},
  url = {https://developer.valvesoftware.com/wiki/Latency_Compensating_Methods_in_Client/Server_In-game_Protocol_Design_and_Optimization},
  year = 2011,
  urldate = {2017-04-16}
}

@online{FastJsonPatch,
  author = {{Starcounter-Jack}},
  title = {Starcounter-Jack/JSON-Patch},
  url = {https://github.com/Starcounter-Jack/JSON-Patch},
  year = 2017,
  urldate = {2017-04-17}
}

@online{FloodFill,
  author = {{Wikipedia, the Free Encyclopedia}},
  title = {Flood fill},
  url = {https://en.wikipedia.org/wiki/Flood_fill},
  year = 2017,
  urldate = {2017-04-17}
}

@online{MonteCarloTreeSearch,
  author = {{Wikipedia, the Free Encyclopedia}},
  title = {Monte Carlo tree search},
  url = {https://en.wikipedia.org/wiki/Monte_Carlo_tree_search},
  year = 2017,
  urldate = {2017-04-17}
}

@online{MonteCarloTreeSearchDiagram,
  author = {{ziggystar}},
  title = {Monte Carlo with UCB applied to complex card game},
  url = {http://stackoverflow.com/questions/12523221/monte-carlo-with-ucb-applied-to-complex-card-game},
  year = 2012,
  urldate = {2017-04-17}
}

