@online{Web20,
  author = {Paul Graham},
  title = {Web 2.0},
  url = {http://www.paulgraham.com/web20.html},
  year = 2005,
  month = 11,
  urldate = {2017-01-26}
}